%% This BibTeX bibliography file was created using BibDesk.
%% http://bibdesk.sourceforge.net/


%% Created for Agust√≠n Salas at 2017-02-15 01:18:57 -0300 


%% Saved with string encoding Unicode (UTF-8) 



@article{Soto201664,
	Abstract = {Abstract Constraint Programming is a powerful paradigm which allows the resolution of many complex problems, such as scheduling, planning, and configuration. These problems are defined by a set of variables and a set of constraints. Each variable has non-empty domain of possible value and each constraint involves some subset of the variables and specifies the allowable combinations of values for that subset. The resolution of these problems is carried out by a constraint satisfaction solver which explores a search tree of potential solutions. This exploration is controlled by the enumeration strategy, which is responsible for choosing the order in which variables and values are selected to generate the potential solution. There exist different ways to perform this selection, and depending on the quality of this decision, the efficiency of the solving process may dramatically vary. Autonomous search is a particular case of adaptive systems that aims at improving its solving performance by adapting itself to the problem at hand without manual configuration of an expert user. The goal is to improve their solving performance by modifying and adjusting themselves, either by self-adaptation or by supervised adaptation. This approach has been effectively applied to different optimization and satisfaction techniques such as constraint programming, metaheuristics, and SAT. In this paper, we present a new Autonomous Search approach for constraint programming based on four modern bio-inspired metaheuristics. The goal of those metaheuristics is to optimize the self-tuning phase of the constraint programming search process. We illustrate promising results, where the proposed approach is able to efficiently solve several well-known constraint satisfaction problems. },
	Author = {Ricardo Soto and Broderick Crawford and Rodrigo Olivares and Cristian Galleguillos and Carlos Castro and Franklin Johnson and Fernando Paredes and Enrique Norero},
	Date-Added = {2017-02-15 02:37:26 +0000},
	Date-Modified = {2017-02-15 02:37:26 +0000},
	Doi = {http://dx.doi.org/10.1016/j.swevo.2016.04.003},
	Issn = {2210-6502},
	Journal = {Swarm and Evolutionary Computation},
	Keywords = {Optimizer-algorithms},
	Pages = {64 - 77},
	Title = {Using autonomous search for solving constraint satisfaction problems via new modern approaches},
	Url = {http://www.sciencedirect.com/science/article/pii/S2210650216300074},
	Volume = {30},
	Year = {2016},
	Bdsk-Url-1 = {http://www.sciencedirect.com/science/article/pii/S2210650216300074},
	Bdsk-Url-2 = {http://dx.doi.org/10.1016/j.swevo.2016.04.003}}

@article{DBLP:journals/pai/Torres-JimenezP14,
	Author = {Jos{\'{e}} Torres{-}Jim{\'{e}}nez and Juan Pav{\'{o}}n},
	Bibsource = {dblp computer science bibliography, http://dblp.org},
	Biburl = {http://dblp.uni-trier.de/rec/bib/journals/pai/Torres-JimenezP14},
	Date-Added = {2016-11-11 16:25:13 +0000},
	Date-Modified = {2016-11-11 16:25:13 +0000},
	Doi = {10.1007/s13748-014-0051-8},
	Journal = {Progress in {AI}},
	Number = {4},
	Pages = {175--176},
	Timestamp = {Mon, 30 Jun 2014 11:03:54 +0200},
	Title = {Applications of metaheuristics in real-life problems},
	Url = {http://dx.doi.org/10.1007/s13748-014-0051-8},
	Volume = {2},
	Year = {2014},
	Bdsk-Url-1 = {http://dx.doi.org/10.1007/s13748-014-0051-8}}

@article{DBLP:journals/asc/ZouGLW11,
	Author = {Dexuan Zou and Liqun Gao and Steven Li and Jianhua Wu},
	Bibsource = {dblp computer science bibliography, http://dblp.org},
	Biburl = {http://dblp.uni-trier.de/rec/bib/journals/asc/ZouGLW11},
	Date-Added = {2016-08-27 19:40:53 +0000},
	Date-Modified = {2016-08-27 19:40:53 +0000},
	Doi = {10.1016/j.asoc.2010.07.019},
	Journal = {Appl. Soft Comput.},
	Number = {2},
	Pages = {1556--1564},
	Timestamp = {Mon, 14 Feb 2011 15:34:58 +0100},
	Title = {Solving 0-1 knapsack problem by a novel global harmony search algorithm},
	Url = {http://dx.doi.org/10.1016/j.asoc.2010.07.019},
	Volume = {11},
	Year = {2011},
	Bdsk-Url-1 = {http://dx.doi.org/10.1016/j.asoc.2010.07.019}}

@article{DBLP:journals/anor/SarasolaDSA16,
	Author = {Briseida Sarasola and Karl Doerner and Verena Schmid and Enrique Alba},
	Bibsource = {dblp computer science bibliography, http://dblp.org},
	Biburl = {http://dblp2.uni-trier.de/rec/bib/journals/anor/SarasolaDSA16},
	Date-Added = {2016-08-21 20:44:01 +0000},
	Date-Modified = {2017-02-15 02:10:18 +0000},
	Doi = {10.1007/s10479-015-1949-7},
	Journal = {Annals {OR}},
	Number = {2},
	Pages = {425--461},
	Timestamp = {Wed, 27 Jan 2016 13:23:24 +0100},
	Title = {Variable neighborhood search for the stochastic and dynamic vehicle routing problem},
	Url = {http://dx.doi.org/10.1007/s10479-015-1949-7},
	Volume = {236},
	Year = {2016},
	Bdsk-Url-1 = {http://dx.doi.org/10.1007/s10479-015-1949-7}}

@article{DBLP:journals/eor/VansteenwegenSBO09,
	Author = {Pieter Vansteenwegen and Wouter Souffriau and Greet Vanden-Berghe and Dirk Van-Oudheusden},
	Bibsource = {dblp computer science bibliography, http://dblp.org},
	Biburl = {http://dblp2.uni-trier.de/rec/bib/journals/eor/VansteenwegenSBO09},
	Date-Added = {2016-08-21 20:12:27 +0000},
	Date-Modified = {2017-02-15 02:11:33 +0000},
	Doi = {10.1016/j.ejor.2008.02.037},
	Journal = {European Journal of Operational Research},
	Number = {1},
	Pages = {118--127},
	Timestamp = {Mon, 19 Jan 2009 11:07:42 +0100},
	Title = {A guided local search metaheuristic for the team orienteering problem},
	Url = {http://dx.doi.org/10.1016/j.ejor.2008.02.037},
	Volume = {196},
	Year = {2009},
	Bdsk-Url-1 = {http://dx.doi.org/10.1016/j.ejor.2008.02.037}}

@inbook{Aupetit2008,
	Address = {Berlin, Heidelberg},
	Author = {Aupetit, S{\'e}bastien and Monmarch{\'e}, Nikolas and Slimane, Mohamed},
	Booktitle = {Advances in Metaheuristics for Hard Optimization},
	Date-Added = {2016-08-21 19:58:40 +0000},
	Date-Modified = {2016-08-21 19:58:40 +0000},
	Doi = {10.1007/978-3-540-72960-0_20},
	Editor = {Siarry, Patrick and Michalewicz, Zbigniew},
	Isbn = {978-3-540-72960-0},
	Pages = {415--438},
	Publisher = {Springer Berlin Heidelberg},
	Title = {Hidden Markov Models Training Using Population-based Metaheuristics},
	Url = {http://dx.doi.org/10.1007/978-3-540-72960-0_20},
	Year = {2008},
	Bdsk-Url-1 = {http://dx.doi.org/10.1007/978-3-540-72960-0_20}}

@inproceedings{DBLP:conf/ccece/Al-AjmiE14,
	Author = {Khaled Al{-}Ajmi and Mohammed El{-}Abd},
	Bibsource = {dblp computer science bibliography, http://dblp.org},
	Biburl = {http://dblp2.uni-trier.de/rec/bib/conf/ccece/Al-AjmiE14},
	Booktitle = {{IEEE} 27th Canadian Conference on Electrical and Computer Engineering, {CCECE} 2014, Toronto, ON, Canada, May 4-7, 2014},
	Date-Added = {2016-08-21 19:48:33 +0000},
	Date-Modified = {2016-08-21 19:48:33 +0000},
	Doi = {10.1109/CCECE.2014.6900994},
	Pages = {1--5},
	Publisher = {{IEEE}},
	Timestamp = {Mon, 03 Nov 2014 19:44:27 +0100},
	Title = {Implementing a population-based harmony search algorithm on graphic processing units},
	Url = {http://dx.doi.org/10.1109/CCECE.2014.6900994},
	Year = {2014},
	Bdsk-Url-1 = {http://dx.doi.org/10.1109/CCECE.2014.6900994}}

@article{DBLP:journals/eswa/SotoCGMP13,
	Author = {Ricardo Soto and Broderick Crawford and Cristian Galleguillos and Eric Monfroy and Fernando Paredes},
	Bibsource = {dblp computer science bibliography, http://dblp.org},
	Biburl = {http://dblp2.uni-trier.de/rec/bib/journals/eswa/SotoCGMP13},
	Date-Added = {2016-08-21 15:11:10 +0000},
	Date-Modified = {2016-08-21 15:11:10 +0000},
	Doi = {10.1016/j.eswa.2013.05.019},
	Journal = {Expert Syst. Appl.},
	Number = {15},
	Pages = {5817--5821},
	Timestamp = {Wed, 12 Jun 2013 08:39:35 +0200},
	Title = {A hybrid AC3-tabu search algorithm for solving Sudoku puzzles},
	Url = {http://dx.doi.org/10.1016/j.eswa.2013.05.019},
	Volume = {40},
	Year = {2013},
	Bdsk-Url-1 = {http://dx.doi.org/10.1016/j.eswa.2013.05.019}}

@article{DBLP:journals/networks/AringhieriGHS16,
	Author = {Roberto Aringhieri and Andrea Grosso and Pierre Hosteins and Rosario Scatamacchia},
	Bibsource = {dblp computer science bibliography, http://dblp.org},
	Biburl = {http://dblp2.uni-trier.de/rec/bib/journals/networks/AringhieriGHS16},
	Date-Added = {2016-08-21 15:10:13 +0000},
	Date-Modified = {2016-08-21 15:10:13 +0000},
	Doi = {10.1002/net.21671},
	Journal = {Networks},
	Number = {3},
	Pages = {209--221},
	Timestamp = {Wed, 11 May 2016 12:19:12 +0200},
	Title = {Local search metaheuristics for the critical node problem},
	Url = {http://dx.doi.org/10.1002/net.21671},
	Volume = {67},
	Year = {2016},
	Bdsk-Url-1 = {http://dx.doi.org/10.1002/net.21671}}

@inproceedings{DBLP:conf/icsi/CrawfordSPJPO14,
	Author = {Broderick Crawford and Ricardo Soto and Wenceslao Palma and Franklin Johnson and Fernando Paredes and Eduardo Olgu{\'{\i}}n},
	Bibsource = {dblp computer science bibliography, http://dblp.org},
	Biburl = {http://dblp2.uni-trier.de/rec/bib/conf/icsi/CrawfordSPJPO14},
	Booktitle = {Advances in Swarm Intelligence - 5th International Conference, {ICSI} 2014, Hefei, China, October 17-20, 2014, Proceedings, Part {I}},
	Date-Added = {2016-08-21 15:09:09 +0000},
	Date-Modified = {2017-02-15 02:02:54 +0000},
	Doi = {10.1007/978-3-319-11857-4_22},
	Editor = {Ying Tan and Yuhui Shi and Carlos Coello},
	Pages = {189--196},
	Publisher = {Springer},
	Series = {Lecture Notes in Computer Science},
	Timestamp = {Thu, 19 Mar 2015 15:31:21 +0100},
	Title = {A 2-level Approach for the Set Covering Problem: Parameter Tuning of Artificial Bee Colony Algorithm by Using Genetic Algorithm},
	Url = {http://dx.doi.org/10.1007/978-3-319-11857-4_22},
	Volume = {8794},
	Year = {2014},
	Bdsk-Url-1 = {http://dx.doi.org/10.1007/978-3-319-11857-4_22}}

@article{Duran:2010:CPS:1645454.1645859,
	Acmid = {1645859},
	Address = {Tarrytown, NY, USA},
	Author = {Dur\'{a}n, Orlando and Rodriguez, Nibaldo and Consalter, Luiz},
	Date-Added = {2016-08-21 15:04:20 +0000},
	Date-Modified = {2017-02-15 02:14:17 +0000},
	Doi = {10.1016/j.eswa.2009.06.061},
	Issn = {0957-4174},
	Issue_Date = {March, 2010},
	Journal = {Expert Syst. Appl.},
	Keywords = {Machine grouping, Manufacturing cells, Particle swarm optimization},
	Month = mar,
	Number = {2},
	Numpages = {5},
	Pages = {1563--1567},
	Publisher = {Pergamon Press, Inc.},
	Title = {Collaborative Particle Swarm Optimization with a Data Mining Technique for Manufacturing Cell Design},
	Url = {http://dx.doi.org/10.1016/j.eswa.2009.06.061},
	Volume = {37},
	Year = {2010},
	Bdsk-Url-1 = {http://dx.doi.org/10.1016/j.eswa.2009.06.061}}

@inbook{Rubio2016,
	Address = {Cham},
	Author = {G{\'o}mez, {\'A}lvaro and Crawford, Broderick and Soto, Ricardo and Jaramillo, Adri{\'a}n and Sebasti{\'a}n Mansilla and Salas, Juan and Olgu{\'\i}n, Eduardo},
	Booktitle = {Trends in Applied Knowledge-Based Systems and Data Science: 29th International Conference on Industrial Engineering and Other Applications of Applied Intelligent Systems, IEA/AIE 2016, Morioka, Japan, August 2-4, 2016, Proceedings},
	Date-Added = {2016-08-21 14:54:27 +0000},
	Date-Modified = {2017-02-15 02:21:31 +0000},
	Doi = {10.1007/978-3-319-42007-3_74},
	Editor = {Fujita, Hamido and Ali, Moonis and Selamat, Ali and Sasaki, Jun and Kurematsu, Masaki},
	Isbn = {978-3-319-42007-3},
	Pages = {873--883},
	Publisher = {Springer International Publishing},
	Title = {An Binary Black Hole Algorithm to Solve Set Covering Problem},
	Url = {http://dx.doi.org/10.1007/978-3-319-42007-3_74},
	Year = {2016},
	Bdsk-Url-1 = {http://dx.doi.org/10.1007/978-3-319-42007-3_74}}

@book{DBLP:books/daglib/0022645,
	Author = {El{-}Ghazali Talbi},
	Bibsource = {dblp computer science bibliography, http://dblp.org},
	Biburl = {http://dblp2.uni-trier.de/rec/bib/books/daglib/0022645},
	Date-Added = {2016-08-21 12:45:18 +0000},
	Date-Modified = {2016-08-21 12:45:18 +0000},
	Isbn = {978-0-470-27858-1},
	Publisher = {Wiley},
	Timestamp = {Wed, 09 Feb 2011 09:08:14 +0100},
	Title = {Metaheuristics - From Design to Implementation},
	Year = {2009}}

@article{Beheshti:2014:CCA:2563733.2564085,
	Acmid = {2564085},
	Address = {New York, NY, USA},
	Author = {Beheshti, Zahra and S. Mariyam},
	Date-Added = {2016-08-20 17:20:11 +0000},
	Date-Modified = {2017-02-15 01:55:08 +0000},
	Doi = {10.1016/j.ins.2013.08.015},
	Issn = {0020-0255},
	Issue_Date = {February, 2014},
	Journal = {Inf. Sci.},
	Keywords = {Binary centripetal accelerated particle swarm optimization, Centripetal accelerated particle swarm optimization, Meta-heuristic search algorithms, Optimization, Particle swarm optimization, Swarm intelligence},
	Month = feb,
	Numpages = {26},
	Pages = {54--79},
	Publisher = {Elsevier Science Inc.},
	Title = {CAPSO: Centripetal Accelerated Particle Swarm Optimization},
	Url = {http://dx.doi.org/10.1016/j.ins.2013.08.015},
	Volume = {258},
	Year = {2014},
	Bdsk-Url-1 = {http://dx.doi.org/10.1016/j.ins.2013.08.015}}

@incollection{DBLP:books/daglib/p/Karp10,
	Author = {M. Karp},
	Bibsource = {dblp computer science bibliography, http://dblp.org},
	Biburl = {http://dblp.uni-trier.de/rec/bib/books/daglib/p/Karp10},
	Booktitle = {50 Years of Integer Programming 1958-2008 - From the Early Years to the State-of-the-Art},
	Date-Added = {2016-08-18 06:11:42 +0000},
	Date-Modified = {2017-02-15 01:59:09 +0000},
	Doi = {10.1007/978-3-540-68279-0_8},
	Editor = {Michael J{\"{u}}nger and Thomas Liebling and Denis Naddef and George Nemhauser and William Pulleyblank and Gerhard Reinelt and Giovanni Rinaldi and Laurence Wolsey},
	Pages = {219--241},
	Publisher = {Springer},
	Timestamp = {Sun, 16 Feb 2014 12:04:52 +0100},
	Title = {Reducibility Among Combinatorial Problems},
	Url = {http://dx.doi.org/10.1007/978-3-540-68279-0_8},
	Year = {2010},
	Bdsk-Url-1 = {http://dx.doi.org/10.1007/978-3-540-68279-0_8}}

@book{DBLP:books/daglib/0023873,
	Bibsource = {dblp computer science bibliography, http://dblp.org},
	Biburl = {http://dblp.uni-trier.de/rec/bib/books/daglib/0023873},
	Date-Added = {2016-08-18 06:06:25 +0000},
	Date-Modified = {2017-02-15 01:58:15 +0000},
	Doi = {10.1007/978-3-540-68279-0},
	Editor = {Michael J{\"{u}}nger and Thomas Liebling and Denis Naddef and George Nemhauser and William Pulleyblank and Gerhard Reinelt and Giovanni Rinaldi and Laurence Wolsey},
	Isbn = {978-3-540-68274-5},
	Publisher = {Springer},
	Timestamp = {Sun, 16 Feb 2014 12:03:11 +0100},
	Title = {50 Years of Integer Programming 1958-2008 - From the Early Years to the State-of-the-Art},
	Url = {http://dx.doi.org/10.1007/978-3-540-68279-0},
	Year = {2010},
	Bdsk-Url-1 = {http://dx.doi.org/10.1007/978-3-540-68279-0}}

@inproceedings{DBLP:conf/gecco/BirattariSPV02,
	Author = {Mauro Birattari and Thomas St{\"{u}}tzle and Luis Paquete and Klaus Varrentrapp},
	Bibsource = {dblp computer science bibliography, http://dblp.org},
	Biburl = {http://dblp.uni-trier.de/rec/bib/conf/gecco/BirattariSPV02},
	Booktitle = {{GECCO} 2002: Proceedings of the Genetic and Evolutionary Computation Conference, New York, USA, 9-13 July 2002},
	Date-Added = {2016-08-18 06:01:47 +0000},
	Date-Modified = {2016-08-18 06:01:47 +0000},
	Editor = {William B. Langdon and Erick Cant{\'{u}}{-}Paz and Keith E. Mathias and Rajkumar Roy and David Davis and Riccardo Poli and Karthik Balakrishnan and Vasant Honavar and G{\"{u}}nter Rudolph and Joachim Wegener and Larry Bull and Mitchell A. Potter and Alan C. Schultz and Julian F. Miller and Edmund K. Burke and Natasa Jonoska},
	Pages = {11--18},
	Publisher = {Morgan Kaufmann},
	Timestamp = {Mon, 11 Jul 2005 10:36:46 +0200},
	Title = {A Racing Algorithm for Configuring Metaheuristics},
	Year = {2002}}

@misc{citeulike:1859945,
	Abstract = {{This report discusses two different approaches to the description of metaheuristics.}},
	Author = {Birattari, Mauro and Paquete, Luis and St\"{u}tzle, Thomas and Varrentrapp, Klaus},
	Citeulike-Article-Id = {1859945},
	Citeulike-Linkout-0 = {http://citeseerx.ist.psu.edu/viewdoc/summary?doi=10.1.1.12.4407},
	Date-Added = {2016-08-15 17:43:09 +0000},
	Date-Modified = {2016-08-15 17:43:09 +0000},
	Keywords = {local\_search, scheduling},
	Posted-At = {2007-11-03 11:42:37},
	Priority = {3},
	Title = {{Classification of Metaheuristics and Design of Experiments for the Analysis of Components}},
	Url = {http://citeseerx.ist.psu.edu/viewdoc/summary?doi=10.1.1.12.4407},
	Bdsk-Url-1 = {http://citeseerx.ist.psu.edu/viewdoc/summary?doi=10.1.1.12.4407}}

@inproceedings{DBLP:conf/swarm/CrawfordSM13,
	Author = {Broderick Crawford and Ricardo Soto and Eric Monfroy},
	Bibsource = {dblp computer science bibliography, http://dblp.org},
	Biburl = {http://dblp.uni-trier.de/rec/bib/conf/swarm/CrawfordSM13},
	Booktitle = {Advances in Swarm Intelligence, 4th International Conference, {ICSI} 2013, Harbin, China, June 12-15, 2013, Proceedings, Part {II}},
	Crossref = {DBLP:conf/swarm/2013-2},
	Date-Added = {2015-12-21 08:47:18 +0000},
	Date-Modified = {2015-12-21 08:47:18 +0000},
	Doi = {10.1007/978-3-642-38715-9_4},
	Pages = {27--34},
	Timestamp = {Thu, 23 May 2013 12:22:06 +0200},
	Title = {Cultural Algorithms for the Set Covering Problem},
	Url = {http://dx.doi.org/10.1007/978-3-642-38715-9_4},
	Year = {2013},
	Bdsk-Url-1 = {http://dx.doi.org/10.1007/978-3-642-38715-9_4}}

@book{opac-b1130955,
	Address = {London},
	Author = {Klenke, Achim},
	Date-Added = {2015-12-21 07:43:22 +0000},
	Date-Modified = {2015-12-21 07:43:22 +0000},
	Isbn = {978-1-84800-048-3},
	Publisher = {Springer},
	Title = {Probability theory : a comprehensive course},
	Url = {http://opac.inria.fr/record=b1130955},
	Year = 2008,
	Bdsk-Url-1 = {http://opac.inria.fr/record=b1130955}}

@article{DBLP:journals/eswa/XiangALHZ14,
	Author = {Wanli Xiang and Meiqing An and Yinzhen Li and Ruichun He and Jingfang Zhang},
	Bibsource = {dblp computer science bibliography, http://dblp.org},
	Biburl = {http://dblp.uni-trier.de/rec/bib/journals/eswa/XiangALHZ14},
	Date-Added = {2015-12-21 07:12:32 +0000},
	Date-Modified = {2017-02-15 02:12:53 +0000},
	Doi = {10.1016/j.eswa.2014.03.016},
	Journal = {Expert Syst. Appl.},
	Number = {13},
	Pages = {5788--5803},
	Timestamp = {Tue, 08 Jul 2014 17:46:13 +0200},
	Title = {An improved global-best harmony search algorithm for faster optimization},
	Url = {http://dx.doi.org/10.1016/j.eswa.2014.03.016},
	Volume = {41},
	Year = {2014},
	Bdsk-Url-1 = {http://dx.doi.org/10.1016/j.eswa.2014.03.016}}

@article{DBLP:journals/eor/AzimiTG10,
	Author = {Zahra Azimi and Paolo Toth and Laura Galli},
	Bibsource = {dblp computer science bibliography, http://dblp.org},
	Biburl = {http://dblp.uni-trier.de/rec/bib/journals/eor/AzimiTG10},
	Date-Added = {2015-12-21 00:59:15 +0000},
	Date-Modified = {2017-02-15 02:10:50 +0000},
	Doi = {10.1016/j.ejor.2010.01.035},
	Journal = {European Journal of Operational Research},
	Number = {2},
	Pages = {290--300},
	Timestamp = {Wed, 28 Apr 2010 21:59:50 +0200},
	Title = {An electromagnetism metaheuristic for the unicost set covering problem},
	Url = {http://dx.doi.org/10.1016/j.ejor.2010.01.035},
	Volume = {205},
	Year = {2010},
	Bdsk-Url-1 = {http://dx.doi.org/10.1016/j.ejor.2010.01.035}}

@inproceedings{DBLP:conf/ieaaie/Musliu06,
	Author = {Nysret Musliu},
	Bibsource = {dblp computer science bibliography, http://dblp.org},
	Biburl = {http://dblp.uni-trier.de/rec/bib/conf/ieaaie/Musliu06},
	Booktitle = {Advances in Applied Artificial Intelligence, 19th International Conference on Industrial, Engineering and Other Applications of Applied Intelligent Systems, {IEA/AIE} 2006, Annecy, France, June 27-30, 2006, Proceedings},
	Crossref = {DBLP:conf/ieaaie/2006},
	Date-Added = {2015-12-21 00:10:24 +0000},
	Date-Modified = {2015-12-21 00:10:24 +0000},
	Doi = {10.1007/11779568_34},
	Pages = {302--311},
	Timestamp = {Wed, 28 Jun 2006 13:35:00 +0200},
	Title = {Local Search Algorithm for Unicost Set Covering Problem},
	Url = {http://dx.doi.org/10.1007/11779568_34},
	Year = {2006},
	Bdsk-Url-1 = {http://dx.doi.org/10.1007/11779568_34}}

@article{286385,
	Author = {Srinivas, M. and Patnaik, L.},
	Date-Added = {2015-12-20 20:26:53 +0000},
	Date-Modified = {2017-02-15 01:51:02 +0000},
	Doi = {10.1109/21.286385},
	Issn = {0018-9472},
	Journal = {Systems, Man and Cybernetics, IEEE Transactions on},
	Keywords = {convergence of numerical methods;genetic algorithms;optimisation;probability;Schema theorem;adaptive genetic algorithm;adaptive probabilities;convergence capacity;crossover;fitness values;multimodal function optimization;mutation;Capacity planning;Design optimization;Encoding;Genetic algorithms;Genetic mutations;Neural networks;Optimal control;Organizing;Robustness;Sampling methods},
	Month = {Apr},
	Number = {4},
	Pages = {656-667},
	Title = {Adaptive probabilities of crossover and mutation in genetic algorithms},
	Volume = {24},
	Year = {1994},
	Bdsk-Url-1 = {http://dx.doi.org/10.1109/21.286385}}

@article{xiang2014improved,
	Author = {Xiang, Wan-li and An, Mei-qing and Li, Yin-zhen and He, Rui-chun and Zhang, Jing-fang},
	Date-Added = {2015-12-20 20:26:53 +0000},
	Date-Modified = {2015-12-20 20:26:53 +0000},
	Journal = {Expert Systems with Applications},
	Number = {13},
	Pages = {5788--5803},
	Publisher = {Elsevier},
	Title = {An improved global-best harmony search algorithm for faster optimization},
	Volume = {41},
	Year = {2014}}

@article{DBLP:journals/amc/OmranM08,
	Author = {Mahamed Omran and Mehrdad Mahdavi},
	Bibsource = {dblp computer science bibliography, http://dblp.org},
	Biburl = {http://dblp.uni-trier.de/rec/bib/journals/amc/OmranM08},
	Date-Added = {2015-12-20 18:34:35 +0000},
	Date-Modified = {2017-02-15 02:10:04 +0000},
	Doi = {10.1016/j.amc.2007.09.004},
	Journal = {Applied Mathematics and Computation},
	Number = {2},
	Pages = {643--656},
	Timestamp = {Fri, 12 Sep 2008 12:12:15 +0200},
	Title = {Global-best harmony search},
	Url = {http://dx.doi.org/10.1016/j.amc.2007.09.004},
	Volume = {198},
	Year = {2008},
	Bdsk-Url-1 = {http://dx.doi.org/10.1016/j.amc.2007.09.004}}

@book{DBLP:books/mg/CormenLRS01,
	Author = {Thomas Cormen and Charles Leiserson and Ronald Rivest and Clifford Stein},
	Bibsource = {dblp computer science bibliography, http://dblp.org},
	Biburl = {http://dblp.uni-trier.de/rec/bib/books/mg/CormenLRS01},
	Date-Added = {2015-12-20 14:53:38 +0000},
	Date-Modified = {2017-02-15 01:59:30 +0000},
	Isbn = {0-262-03293-7},
	Publisher = {The {MIT} Press and McGraw-Hill Book Company},
	Timestamp = {Thu, 30 Jan 2003 16:30:40 +0100},
	Title = {Introduction to Algorithms, Second Edition},
	Year = {2001}}

@article{DBLP:journals/simulation/GeemKL01,
	Author = {Zong Geem and JoongHoon Kim and G. Loganathan},
	Bibsource = {dblp computer science bibliography, http://dblp.org},
	Biburl = {http://dblp.uni-trier.de/rec/bib/journals/simulation/GeemKL01},
	Date-Added = {2015-12-19 21:51:39 +0000},
	Date-Modified = {2017-02-15 02:13:43 +0000},
	Doi = {10.1177/003754970107600201},
	Journal = {Simulation},
	Number = {2},
	Pages = {60--68},
	Timestamp = {Wed, 30 Sep 2009 12:24:25 +0200},
	Title = {A New Heuristic Optimization Algorithm: Harmony Search},
	Url = {http://dx.doi.org/10.1177/003754970107600201},
	Volume = {76},
	Year = {2001},
	Bdsk-Url-1 = {http://dx.doi.org/10.1177/003754970107600201}}

@book{Geem:2009:MHS:1643438,
	Author = {Geem, Zong},
	Date-Added = {2015-12-17 10:20:24 +0000},
	Date-Modified = {2017-02-15 02:15:45 +0000},
	Edition = {1st},
	Isbn = {364200184X, 9783642001840},
	Publisher = {Springer Publishing Company, Incorporated},
	Title = {Music-Inspired Harmony Search Algorithm: Theory and Applications},
	Year = {2009}}

@inproceedings{DBLP:conf/hci/CrawfordSGJP15,
	Author = {Broderick Crawford and Ricardo Soto and N{\'{e}}stor Guzm{\'{a}}n and Franklin Johnson and Fernando Paredes},
	Bibsource = {dblp computer science bibliography, http://dblp.org},
	Biburl = {http://dblp.uni-trier.de/rec/bib/conf/hci/CrawfordSGJP15},
	Booktitle = {{HCI} International 2015 - Posters' Extended Abstracts - International Conference, {HCI} International 2015, Los Angeles, CA, USA, August 2-7, 2015. Proceedings, Part {I}},
	Crossref = {DBLP:conf/hci/2015-27},
	Date-Added = {2015-12-08 19:00:01 +0000},
	Date-Modified = {2015-12-08 19:00:01 +0000},
	Doi = {10.1007/978-3-319-21380-4_96},
	Pages = {567--572},
	Timestamp = {Thu, 23 Jul 2015 16:58:48 +0200},
	Title = {Recent Harmony Search Algorithms for 0-1 Optimization Problems},
	Url = {http://dx.doi.org/10.1007/978-3-319-21380-4_96},
	Year = {2015},
	Bdsk-Url-1 = {http://dx.doi.org/10.1007/978-3-319-21380-4_96}}

@article{DBLP:journals/cys/CuevasO13,
	Author = {Erik Cuevas and No{\'{e}} Ortega{-}S{\'{a}}nchez},
	Bibsource = {dblp computer science bibliography, http://dblp.org},
	Biburl = {http://dblp.uni-trier.de/rec/bib/journals/cys/CuevasO13},
	Date-Added = {2015-12-08 18:57:17 +0000},
	Date-Modified = {2015-12-08 18:57:17 +0000},
	Journal = {Computaci{\'{o}}n y Sistemas},
	Number = {4},
	Timestamp = {Fri, 24 Jan 2014 11:13:18 +0100},
	Title = {El algoritmo de b{\'{u}}squeda arm{\'{o}}nica y sus usos en el procesamiento digital de im{\'{a}}genes},
	Url = {http://cys.cic.ipn.mx/ojs/index.php/CyS/article/view/1928},
	Volume = {17},
	Year = {2013},
	Bdsk-Url-1 = {http://cys.cic.ipn.mx/ojs/index.php/CyS/article/view/1928}}

@article{citeulike:921349,
	Author = {Beasley, J.},
	Citeulike-Article-Id = {921349},
	Date-Added = {2015-11-22 20:57:52 +0000},
	Date-Modified = {2017-02-15 01:44:06 +0000},
	Journal = {Journal of the Operational Research Society},
	Keywords = {2006, benchmark-problem, operations-research, scheduling},
	Number = {11},
	Pages = {1069--1072},
	Posted-At = {2006-11-01 08:37:41},
	Priority = {0},
	Title = {{OR}-Library: distributing test problems by electronic mail},
	Volume = {41},
	Year = {1990}}

@article{doi:10.1287/inte.27.5.68,
	Author = {Housos, Efthymios and Elmroth, Tony},
	Date-Added = {2015-11-22 20:21:12 +0000},
	Date-Modified = {2015-11-22 20:21:12 +0000},
	Doi = {10.1287/inte.27.5.68},
	Journal = {Interfaces},
	Number = {5},
	Pages = {68-77},
	Title = {Automatic Optimization of Subproblems in Scheduling Airline Crews},
	Volume = {27},
	Year = {1997},
	Bdsk-Url-1 = {http://dx.doi.org/10.1287/inte.27.5.68}}

@article{ref29,
	Author = {Garfinkel, R. and Nemhauser, G.},
	Date-Added = {2015-11-22 20:21:12 +0000},
	Date-Modified = {2017-02-15 02:19:01 +0000},
	Doi = {10.1287/mnsc.16.8.B495},
	Journal = {Management Science},
	Number = {8},
	Pages = {B495--B508},
	Title = {Optimal Political Districting by Implicit Enumeration Techniques},
	Volume = {16},
	Year = {1970},
	Bdsk-Url-1 = {http://dx.doi.org/10.1287/mnsc.16.8.B495}}

@article{ref16,
	Acmid = {321572},
	Address = {New York, NY, USA},
	Author = {Breuer, M.},
	Date-Added = {2015-11-22 20:20:46 +0000},
	Date-Modified = {2017-02-15 02:17:28 +0000},
	Doi = {10.1145/321556.321572},
	Issn = {0004-5411},
	Issue_Date = {Jan. 1970},
	Journal = {Journal of the Association for Computing Machinery},
	Month = jan,
	Number = {1},
	Numpages = {16},
	Pages = {166--181},
	Title = {Simplification of the Covering Problem with Application to Boolean Expressions},
	Volume = {17},
	Year = {1970},
	Bdsk-Url-1 = {http://dx.doi.org/10.1145/321556.321572}}

@article{ref18,
	Added-At = {2011-06-28T00:00:00.000+0200},
	Author = {Christofides, N.},
	Biburl = {http://www.bibsonomy.org/bibtex/2e5d5885bfec7f0cde202e2683fa95c3e/dblp},
	Date-Added = {2015-11-22 20:20:46 +0000},
	Date-Modified = {2015-11-22 20:20:46 +0000},
	Ee = {http://dx.doi.org/10.1093/comjnl/14.4.418},
	Interhash = {61a9f8ab28da916325aac2c5f6aa7f50},
	Intrahash = {e5d5885bfec7f0cde202e2683fa95c3e},
	Journal = {Computer Journal},
	Keywords = {dblp},
	Number = 4,
	Pages = {418--421},
	Timestamp = {2011-06-28T00:00:00.000+0200},
	Title = {Zero-One Programming Using Non-Binary Tree-Search},
	Volume = 14,
	Year = 1971}

@article{ref20,
	Author = {Day, R.},
	Date-Added = {2015-11-22 20:20:46 +0000},
	Date-Modified = {2017-02-15 02:17:49 +0000},
	Doi = {10.1287/opre.13.3.482},
	Journal = {Operations Research},
	Number = {3},
	Pages = {482--494},
	Title = {Letter to the Editor---On Optimal Extracting from a Multiple File Data Storage System: An Application of Integer Programming},
	Volume = {13},
	Year = {1965},
	Bdsk-Url-1 = {http://dx.doi.org/10.1287/opre.13.3.482}}

@article{ceriaetal1998,
	Author = {Ceria, S. and Nobili, P. and Sassano, A.},
	Date-Added = {2015-11-22 20:20:16 +0000},
	Date-Modified = {2015-11-22 20:20:16 +0000},
	Doi = {10.1007/BF01581106},
	Issn = {0025-5610},
	Journal = {Mathematical Programming},
	Keywords = {Set covering; Crew scheduling; Primal-dual lagrangian; Subgradient algorithms; 0--1 programming; Approximate solutions; Railways},
	Language = {English},
	Number = {2},
	Pages = {215--228},
	Publisher = {Springer-Verlag},
	Title = {A Lagrangian-based heuristic for large-scale set covering problems},
	Volume = {81},
	Year = {1998},
	Bdsk-Url-1 = {http://dx.doi.org/10.1007/BF01581106}}

@article{ref37,
	Author = {Ribeiro, C. and Minoux, M. and Penna, M.},
	Date-Added = {2015-11-22 20:19:59 +0000},
	Date-Modified = {2017-02-15 02:19:19 +0000},
	Journal = {European Journal of Operational Research},
	Number = {2},
	Pages = {232--239},
	Title = {An optimal column-generation-with-ranking algorithm for very large scale set partitioning problems in traffic assignment},
	Volume = {41},
	Year = {1989}}

@article{ref28,
	Author = {Freeman, B. and Jucker, J.},
	Date-Added = {2015-11-22 20:19:36 +0000},
	Date-Modified = {2017-02-15 02:18:47 +0000},
	Journal = {Journal of Industrial Engineering},
	Pages = {361--364},
	Title = {The line balancing problem},
	Volume = {18},
	Year = {1967}}

@article{ref41,
	Author = {Salveson, M.},
	Date-Added = {2015-11-22 20:19:36 +0000},
	Date-Modified = {2017-02-15 02:19:29 +0000},
	Journal = {Journal of Industrial Engineering},
	Pages = {18--25},
	Title = {The assembly line balancing problem},
	Volume = {6},
	Year = {1955}}

@article{ref14,
	Author = {Bellmore, M. and Ratliff, H.},
	Date-Added = {2015-11-22 20:19:10 +0000},
	Date-Modified = {2017-02-15 02:17:14 +0000},
	Doi = {10.1287/mnsc.18.4.B174},
	Journal = {Management Science},
	Number = {4-part-i},
	Pages = {B174--B185},
	Title = {Optimal Defense of Multi-Commodity Networks},
	Volume = {18},
	Year = {1971},
	Bdsk-Url-1 = {http://dx.doi.org/10.1287/mnsc.18.4.B174}}

@article{ref13,
	Abstract = {A comparison of single-commodity versus multi-commodity networks is provided. Also, two combinatorial algorithms are presented for finding D0, the minimal disconnecting set.},
	Author = {Bellmore, M. and Geenberg, H. and Jarvis, J.},
	Date-Added = {2015-11-22 20:18:54 +0000},
	Date-Modified = {2017-02-15 02:16:59 +0000},
	Journal = {Management Science},
	Number = {6},
	Pages = {B427--B433},
	Title = {Multi-Commodity Disconnecting Sets},
	Volume = {16},
	Year = {1970}}

@article{ref26,
	Author = {Fisher, M. and Rosenwein, M.},
	Date-Added = {2015-11-22 20:18:54 +0000},
	Date-Modified = {2017-02-15 02:18:12 +0000},
	Doi = {10.1002/1520-6750(198902)36:1<27::AID-NAV3220360103>3.0.CO;2-0},
	Issn = {1520-6750},
	Journal = {Naval Research Logistics},
	Number = {1},
	Pages = {27--42},
	Publisher = {Wiley Subscription Services, Inc., A Wiley Company},
	Title = {An interactive optimization system for bulk-cargo ship scheduling},
	Volume = {36},
	Year = {1989},
	Bdsk-Url-1 = {http://dx.doi.org/10.1002/1520-6750(198902)36:1%3C27::AID-NAV3220360103%3E3.0.CO;2-0}}

@article{ref07,
	Author = {Balinski, M. and Quandt, R.},
	Date-Added = {2015-11-22 20:18:36 +0000},
	Date-Modified = {2017-02-15 02:16:32 +0000},
	Doi = {10.1287/opre.12.2.300},
	Journal = {Operations Research},
	Number = {2},
	Pages = {300--304},
	Title = {On an Integer Program for a Delivery Problem},
	Volume = {12},
	Year = {1964},
	Bdsk-Url-1 = {http://dx.doi.org/10.1287/opre.12.2.300}}

@article{ref27,
	Author = {B. Foster and D. Ryan},
	Date-Added = {2015-11-22 20:18:36 +0000},
	Date-Modified = {2017-02-15 02:18:32 +0000},
	Journal = {Operations Research},
	Pages = {367--384},
	Title = {An integer programming approach to the vehicle scheduling problem},
	Volume = {27},
	Year = {1976}}

@article{ref48,
	Author = {Vasko, F. and Wolf, F. and Stott, K.},
	Date-Added = {2015-11-22 20:18:09 +0000},
	Date-Modified = {2017-02-15 02:19:53 +0000},
	Journal = {European Journal of Operational Research},
	Number = {1},
	Pages = {27--34},
	Title = {A set covering approach to metallurgical grade assignment},
	Volume = {38},
	Year = {1989}}

@article{ref50,
	Author = {Vasko, F. and Wolf, F. and Stott, K. and Scheirer, J.},
	Date-Added = {2015-11-22 20:18:09 +0000},
	Date-Modified = {2017-02-15 02:20:29 +0000},
	Doi = {10.1287/inte.19.1.68},
	Journal = {Interfaces},
	Number = {1},
	Pages = {68--84},
	Title = {Selecting Optimal Ingot Sizes for Bethlehem Steel},
	Volume = {19},
	Year = {1989},
	Bdsk-Url-1 = {http://dx.doi.org/10.1287/inte.19.1.68}}

@article{Vasko:1987:OSI:40299.40301,
	Address = {Institute for Operations Research and the Management Sciences, Linthicum, Maryland, USA},
	Author = {Vasko, F. and Wolf, F. and Stott, K.},
	Date-Added = {2015-11-22 20:17:40 +0000},
	Date-Modified = {2017-02-15 02:22:05 +0000},
	Issn = {0030-364X},
	Issue_Date = {May-June 1987},
	Journal = {Operations Research},
	Month = jun,
	Number = {3},
	Pages = {346-353},
	Publisher = {INFORMS},
	Title = {Optimal Selection of Ingot Sizes via Set Covering},
	Volume = {35},
	Year = {1987}}

@article{Vasko198485,
	Author = {F. Vasko and G. Wilson},
	Date-Added = {2015-11-22 20:16:41 +0000},
	Date-Modified = {2017-02-15 02:22:25 +0000},
	Issn = {0167-6377},
	Journal = {Operations Research Letters},
	Number = {2},
	Pages = {85-90},
	Title = {Using a facility location algorithm to solve large set covering problems},
	Volume = {3},
	Year = {1984}}

@article{ref51,
	Author = {Walker, W.},
	Date-Added = {2015-11-22 20:05:19 +0000},
	Date-Modified = {2015-11-22 20:05:19 +0000},
	Journal = {Operations Research},
	Pages = {275--277},
	Title = {Using the set-covering problem to assign fire companies to fire houses},
	Volume = {22},
	Year = {1974}}

@article{ref02,
	Author = {Ali, A. and Thiagarajan, H.},
	Date-Added = {2015-11-22 20:04:50 +0000},
	Date-Modified = {2017-02-15 02:16:01 +0000},
	Journal = {European Journal of Operational Research},
	Number = {1},
	Pages = {76--85},
	Title = {A network relaxation based enumeration algorithm for set partitioning},
	Volume = {38},
	Year = {1989}}

@article{ref08,
	Author = {Bartholdi, J.},
	Date-Added = {2015-11-22 20:04:50 +0000},
	Date-Modified = {2017-02-15 02:16:43 +0000},
	Doi = {10.1287/opre.29.3.501},
	Journal = {Operations Research},
	Number = {3},
	Pages = {501--510},
	Title = {A Guaranteed-Accuracy Round-off Algorithm for Cyclic Scheduling and Set Covering},
	Volume = {29},
	Year = {1981},
	Bdsk-Url-1 = {http://dx.doi.org/10.1287/opre.29.3.501}}

@article{ref21,
	Author = {Desrochers, M. and Soumis, F.},
	Date-Added = {2015-11-22 20:04:50 +0000},
	Date-Modified = {2015-11-22 20:04:50 +0000},
	Doi = {10.1287/trsc.23.1.1},
	Journal = {Transportation Science},
	Number = {1},
	Pages = {1--13},
	Title = {A Column Generation Approach to the Urban Transit Crew Scheduling Problem},
	Volume = {23},
	Year = {1989},
	Bdsk-Url-1 = {http://dx.doi.org/10.1287/trsc.23.1.1}}

@book{AptCambridge2003,
	Author = {K. Apt},
	Date-Modified = {2017-02-15 01:51:23 +0000},
	Publisher = {Cambridge Press},
	Title = {{Principles of Constraint Programming}},
	Year = {2003}}

@article{AptTOPLAS1998,
	Author = {K. Apt and J. Brunekreef and V. Partington and A. Schaerf},
	Date-Modified = {2017-02-15 01:51:38 +0000},
	Journal = {ACM Transactions on Programming Languages and Systems (ACM TOPLAS)},
	Number = {5},
	Pages = {1014--1066},
	Title = {{Alma-0: An Imperative Language that Supports Declarative Programming}},
	Volume = {20},
	Year = {1998}}

@inproceedings{BenhamouILPS1994,
	Author = {F. Benhamou and D. Mc-Allester and P. {Van Hentenryck}},
	Booktitle = {Proceedings of the 1994 International Symposium on Logic programming (ILPS)},
	Date-Modified = {2017-02-15 01:55:41 +0000},
	Pages = {124--138},
	Publisher = {MIT Press Cambridge, MA, USA},
	Title = {{CLP(Intervals) Revisited}},
	Year = {1994}}

@misc{Gecode,
	Howpublished = {http://www.gecode.org},
	Key = {{Gc}},
	Title = {{Gecode}},
	Year = {visited 11/2008}}
